<record xmlns="http://www.openarchives.org/OAI/2.0/" xmlns:xsi="http://www.w3.org/2001/XMLSchema-instance"><header><identifier>oai:alma.34CSIC_INST:990013498930204201</identifier><datestamp>2020-02-06T08:40:59Z</datestamp><setSpec>manuscripta</setSpec></header><metadata><record xmlns="http://www.loc.gov/MARC21/slim" xmlns:xsi="http://www.w3.org/2001/XMLSchema-instance" xsi:schemaLocation="http://www.loc.gov/MARC21/slim http://www.loc.gov/standards/marcxml/schema/MARC21slim.xsd"><leader>10600ntm a2200661 i 4500</leader><controlfield tag="005">20181031100337.0</controlfield><controlfield tag="008">100727s18451261              000 0 ara d</controlfield><controlfield tag="001">990013498930204201</controlfield><datafield tag="035" ind1=" " ind2=" "><subfield code="a">CSIC001349893</subfield></datafield><datafield tag="035" ind1=" " ind2=" "><subfield code="a">(ES-MaCSI)001349893MAD01-Aleph</subfield></datafield><datafield tag="035" ind1=" " ind2=" "><subfield code="a">(OCoLC)1123788901
</subfield></datafield><datafield tag="040" ind1=" " ind2=" "><subfield code="a">ES-MaCSI</subfield><subfield code="b">spa</subfield></datafield><datafield tag="084" ind1=" " ind2=" "><subfield code="a">FMH</subfield></datafield><datafield tag="100" ind1="1" ind2=" "><subfield code="a">Ibn Salmūn al-Kinānī, Salmūn b. `Alī</subfield><subfield code="d">(m. 1365 ó 6).</subfield></datafield><datafield tag="245" ind1="1" ind2="2"><subfield code="a">العقد المنظم للحكام فيما يجري بين أيديهم من العقود والأحكام </subfield><subfield code="h">[Manuscrito]</subfield><subfield code="c">/ ابو القاسم سلمون بن علي بن سلمون الكناني.</subfield></datafield><datafield tag="260" ind1=" " ind2=" "><subfield code="c">[1845] 1261 de la Hégira.</subfield></datafield><datafield tag="300" ind1=" " ind2=" "><subfield code="a">174 f. ;</subfield><subfield code="c">22,5 x 17,5 cm (caja: 15,5 x 10,2 cm).</subfield></datafield><datafield tag="490" ind1="1" ind2=" "><subfield code="a">Manuscripta</subfield></datafield><datafield tag="546" ind1=" " ind2=" "><subfield code="a">Arabe</subfield><subfield code="b">Escritura magrebí</subfield></datafield><datafield tag="500" ind1=" " ind2=" "><subfield code="a">Título transliterado: Al-ʽiqd al-munaẓẓam li-l-ḥukkām fī mā yaŷrī bayna aydī-him min al-ʽuqūd wa-l-aḥkām</subfield></datafield><datafield tag="500" ind1=" " ind2=" "><subfield code="a">Distribución: 1 col. La mayor parte de la obra tiene 27 líneas por página.</subfield></datafield><datafield tag="500" ind1=" " ind2=" "><subfield code="a">Material: Papel</subfield></datafield><datafield tag="500" ind1=" " ind2=" "><subfield code="a">Tinta: Negra y roja</subfield></datafield><datafield tag="500" ind1=" " ind2=" "><subfield code="a">(بعد البسملة والتصلية) قَالَ الشيخ الفقيه العالم الأوحد القاضي الأعدل ابو القاسم سلمون بن علي بن سلمون الكناني رحمه الله ورضي عنه الحمد لله ذو الجلال والكرم الذي علم بالقلم ‪Incipit:</subfield></datafield><datafield tag="500" ind1=" " ind2=" "><subfield code="a">يدعى عليه بدعواه فانظره وها هنا انتهى بنا القول في هذا المجموع والحمد لله رب العلمين والصلاة والسلام على رسول الله أجمعين و صلى الله على سيدنا محمد و آله وصحبه وسلم تسليما ‪Explicit:</subfield></datafield><datafield tag="500" ind1=" " ind2=" "><subfield code="a">Lugar de escritura: No consta</subfield></datafield><datafield tag="500" ind1=" " ind2=" "><subfield code="a">Fecha completa: miércoles, 3 rabīʽ al-awwal 1261 /12 marzo 1845</subfield></datafield><datafield tag="500" ind1=" " ind2=" "><subfield code="a">‪Copista: محمد بن المحجوب الزياني البوحسسني الفصكوي</subfield></datafield><datafield tag="500" ind1=" " ind2=" "><subfield code="a">‪Colofón:وكان الفراغ من نسخه عشية يوم الأربعاء الثالث من ربيع النبوي عام 1261على يد كايبه لنفسه ولمن شاء الله بعده محمد بن المحجوب الزياني البوحسسني الفصكوي وفقه الله لطاعته وغفر له ولوالديه ولقرابته ولأشياخه ولجميع المسلمين آمين والحمد لله رب العالمين.</subfield></datafield><datafield tag="500" ind1=" " ind2=" "><subfield code="a">Ilustración: No</subfield></datafield><datafield tag="500" ind1=" " ind2=" "><subfield code="a">Ilustraciones: Los epígrafes al igual que algunas palabras del texto se marcan con tinta roja en un trazo mucho más grande y alargado que el resto.</subfield></datafield><datafield tag="500" ind1=" " ind2=" "><subfield code="a">Tipo de cuaderno: 17 cuads.: 1 ternión, 11 cuaterniones y 5 quiniones, más 30 hojas sueltas.</subfield></datafield><datafield tag="500" ind1=" " ind2=" "><subfield code="a">Deterioros: La encuadernación está muy deteriorada con las tapas sueltas y los cuadernos descosidos. Hay un fragmento del lomo desprendido. En algunos folios del volumen hay galerías, manchas y degradaciones severas de la tinta que apenas afectan al texto.</subfield></datafield><datafield tag="500" ind1=" " ind2=" "><subfield code="a">H en blanco: 3 H en blanco: folios 1r, 173v y 174r.</subfield></datafield><datafield tag="500" ind1=" " ind2=" "><subfield code="a">H dañadas, mutiladas, sueltas: H sueltas: 19 H sueltas: 7-9, 18-19, 28-29, 38-39, 48-49, 58-59, 68, 89, 98, 109, 118, 129 y 138.</subfield></datafield><datafield tag="500" ind1=" " ind2=" "><subfield code="a">H faltan o añadidas: No</subfield></datafield><datafield tag="500" ind1=" " ind2=" "><subfield code="a">Foliación: Sin foliación original. - Foliación moderna a lápiz hecha por Naima Anahnah (2010); también tiene una numeración a lápiz en el centro del margen superior. - La numeración es moderna y a partir de la página 200, adopta la siguiente secuencia 2001, 2002, 2003… 2009, 20010, 20011. - En la 213 empieza otra vez normalmente hasta: 3001, 3002… 30022, en la 323 y 324 borra el cero, y a partir de la 329 borra un cero quedando así: 30 29, 30 30, notándose el dígito borrado.</subfield></datafield><datafield tag="500" ind1=" " ind2=" "><subfield code="a">Reclamos: Reclamos en tinta negra en el margen inferior izquierdo de todos los folios verso</subfield></datafield><datafield tag="500" ind1=" " ind2=" "><subfield code="a">Sign. cuad.: No</subfield></datafield><datafield tag="500" ind1=" " ind2=" "><subfield code="a">Pautado: Punta seca (casi inapreciable). Líneas rectrices con una regularidad de 6mm.</subfield></datafield><datafield tag="500" ind1=" " ind2=" "><subfield code="a">Filigrana: No</subfield></datafield><datafield tag="563" ind1=" " ind2=" "><subfield code="a">Encuadernación: Cartera en piel granate sobre cartón, del que se conserva sólo la piel del lomo. El cartón de las tapas está forrado con papel estampado con motivos florales</subfield></datafield><datafield tag="541" ind1=" " ind2=" "><subfield code="a">Compra</subfield><subfield code="c">[Familia Granados Montoro]</subfield><subfield code="d">Ingreso: 25 de julio de 1986</subfield></datafield><datafield tag="500" ind1=" " ind2=" "><subfield code="a">Signatura antigua: VOL. XXX; CAJA 2-3</subfield></datafield><datafield tag="500" ind1=" " ind2=" "><subfield code="a">Anotaciones: En todas las esquinas superiores (derecha en los folios verso e izquierdas en los folios rectos) se lee en tinta negra el texto que sigue: اللهم صلي على سيدنا محمد وآله وصحبه. - Frecuentes anotaciones marginales en tinta negra. - La mayoría de las anotaciones son comentarios al contenido de la obra; para ello se utiliza la palabra قف en el espacio interlineal de la caja de escritura y en el margen se vuelve a anotar la palabra y debajo de ella sigue el comentario correspondiente. - Las anotaciones son de distintas manos sin contar la del propio copista. En el interior de la tapa posterior, escrito a lápiz en el centro del margen superior, se leen las antiguas signaturas del volumen: VOL. XXX y debajo Caja 2, 3. - Por otro lado, en el margen superior izquierdo se lee el número 18 que, probablemente, hacía referencia al número de catalogación del volumen antes de su ingreso en la BEEA.</subfield></datafield><datafield tag="581" ind1=" " ind2=" "><subfield code="a">Manuscritos árabes y fondo antiguo de la Escuela de Estudios Árabes, Granada, 2007, 87-88</subfield></datafield><datafield tag="530" ind1=" " ind2=" "><subfield code="a">Otros soportes: No</subfield></datafield><datafield tag="581" ind1=" " ind2=" "><subfield code="a">Edición: No</subfield></datafield><datafield tag="510" ind1="4" ind2=" "><subfield code="a">Manuscritos árabes y fondo antiguo de la Escuela de Estudios Árabes</subfield><subfield code="c">p. 87-88</subfield></datafield><datafield tag="520" ind1="2" ind2=" "><subfield code="a">Contenido: Al-ʽiqd al-munaẓẓam li-l-ḥukkām fī mā yaŷrī bayna aydīhim min al-ʽuqūd wa-l-aḥkām</subfield></datafield><datafield tag="650" ind1=" " ind2="7"><subfield code="a">Formularios (Derecho islámico)</subfield><subfield code="z">Al-Andalus</subfield><subfield code="v">Manuscritos</subfield><subfield code="2">CSICAU</subfield></datafield><datafield tag="650" ind1=" " ind2="7"><subfield code="a">Derecho notarial</subfield><subfield code="z">Al-Andalus</subfield><subfield code="v">Manuscritos.</subfield><subfield code="2">CSICAU</subfield></datafield><datafield tag="650" ind1=" " ind2="7"><subfield code="a">Matrimonio (Derecho islámico)</subfield><subfield code="v">Manuscritos.</subfield><subfield code="2">CSICAU</subfield></datafield><datafield tag="700" ind1="1" ind2=" "><subfield code="a">Faṣkawī, Muḥammad b. al-Maḥŷūb al-Zayyānī al-Būḥasasanī al-,</subfield><subfield code="e">cop.</subfield></datafield><datafield tag="740" ind1="3" ind2=" "><subfield code="a">Al-ʽiqd al-munaẓẓam li-l-ḥukkām fī mā yaŷrī bayna aydī-him min al-ʽuqūd wa-l-aḥkām</subfield></datafield><datafield tag="830" ind1=" " ind2="0"><subfield code="a">Manuscripta</subfield></datafield><datafield tag="856" ind1="4" ind2="1"><subfield code="u">http://aleph.csic.es/imagenes/mad01/0006_PMSC/P_001349893_783302_V00.pdf</subfield><subfield code="z">Descargar Pdf completo (43M)</subfield><subfield code="m">CSIC</subfield></datafield><datafield tag="856" ind1="4" ind2="1"><subfield code="u">http://simurg.bibliotecas.csic.es/viewer/image/CSIC001349893/1/</subfield><subfield code="z">Ver texto completo en SIMURG, el portal de fondos digitalizados del CSIC</subfield><subfield code="m">CSIC</subfield></datafield><datafield tag="856" ind1="4" ind2="1"><subfield code="u">http://aleph.csic.es/imagenes/mad01/0006_PMSC/html/001349893.html</subfield><subfield code="z">Ver texto completo en Bookreader</subfield></datafield></record></metadata></record>